@inproceedings{juyal2015message,
  title={Message multicasting in near-real time routing for delay/disruption tolerant network},
  author={Juyal, Vandana and Singh, Ajay Vikram and Saggar, Ravish},
  booktitle={Computational Intelligence \& Communication Technology (CICT), 2015 IEEE International Conference on},
  pages={385--390},
  year={2015},
  organization={IEEE}
}
